<?xml version="1.0" encoding="UTF-8"?><collection xmlns="http://www.loc.gov/MARC21/slim"><record><leader>00402nam--2200157-i-4500</leader><controlfield tag="001">000048326</controlfield><controlfield tag="002">20161230</controlfield><controlfield tag="005">20170126002021</controlfield><controlfield tag="008">060222s1000------------r-----000-0-eng-d</controlfield><datafield ind1=" " ind2=" " tag="080"><subfield code="a">517.95</subfield></datafield><datafield ind1=" " ind2="1" tag="100"><subfield code="a">Zauderer, Erich</subfield></datafield><datafield ind1="1" ind2="0" tag="245"><subfield code="a">Partial diff.equations of appl.math</subfield></datafield><datafield ind1=" " ind2=" " tag="260"><subfield code="a">New York</subfield><subfield code="b">John Wiley And Sons</subfield><subfield code="c">1983</subfield></datafield><datafield ind1=" " ind2=" " tag="300"><subfield code="a">XIII+779 p</subfield></datafield><datafield ind1=" " ind2=" " tag="852"><subfield code="a">73927</subfield><subfield code="c">517.9</subfield></datafield><datafield ind1=" " ind2=" " tag="CAT"><subfield code="a">SYS</subfield><subfield code="c">20170126</subfield><subfield code="h">002021</subfield></datafield></record></collection>